[gd_scene load_steps=15 format=2]

[ext_resource path="res://Scene/UI/theme/MenuScrollContainerLabel.tres" type="Theme" id=1]
[ext_resource path="res://Scene/UI/theme/MenuTheme.tres" type="Theme" id=2]
[ext_resource path="res://Scene/UI/theme/Text.theme" type="Theme" id=3]
[ext_resource path="res://Scene/UI/theme/MenuTextSelect.tres" type="Theme" id=4]
[ext_resource path="res://sound/sfx/ui/menu_cancel.wav" type="AudioStream" id=5]
[ext_resource path="res://sound/sfx/ui/menu_open.wav" type="AudioStream" id=6]
[ext_resource path="res://Scene/UI/menu/newMenu/options/SoundOptions.gd" type="Script" id=7]
[ext_resource path="res://access/NewAccessible.gd" type="Script" id=8]
[ext_resource path="res://sound/sfx/ui/menu_open_up.wav" type="AudioStream" id=9]
[ext_resource path="res://texture/icons/medium-volume-128x128-1214317.png" type="Texture" id=10]
[ext_resource path="res://Scene/UI/menu/Help/HelpClose.tscn" type="PackedScene" id=11]
[ext_resource path="res://Scene/UI/menu/newMenu/options/SoundHelpClose.gd" type="Script" id=12]

[sub_resource type="Animation" id=1]
length = 0.3
tracks/0/type = "bezier"
tracks/0/path = NodePath(".:modulate:r")
tracks/0/interp = 1
tracks/0/loop_wrap = true
tracks/0/imported = false
tracks/0/enabled = true
tracks/0/keys = {
"points": PoolRealArray( 1, -0.25, 0, 0.25, 0, 1, -0.25, 0, 0.25, 0 ),
"times": PoolRealArray( 0, 0.3 )
}
tracks/1/type = "bezier"
tracks/1/path = NodePath(".:modulate:g")
tracks/1/interp = 1
tracks/1/loop_wrap = true
tracks/1/imported = false
tracks/1/enabled = true
tracks/1/keys = {
"points": PoolRealArray( 1, -0.25, 0, 0.25, 0, 1, -0.25, 0, 0.25, 0 ),
"times": PoolRealArray( 0, 0.3 )
}
tracks/2/type = "bezier"
tracks/2/path = NodePath(".:modulate:b")
tracks/2/interp = 1
tracks/2/loop_wrap = true
tracks/2/imported = false
tracks/2/enabled = true
tracks/2/keys = {
"points": PoolRealArray( 1, -0.25, 0, 0.25, 0, 1, -0.25, 0, 0.25, 0 ),
"times": PoolRealArray( 0, 0.3 )
}
tracks/3/type = "bezier"
tracks/3/path = NodePath(".:modulate:a")
tracks/3/interp = 1
tracks/3/loop_wrap = true
tracks/3/imported = false
tracks/3/enabled = true
tracks/3/keys = {
"points": PoolRealArray( 0, -0.25, 0, 0.25, 0, 1, -0.25, 0, 0.25, 0 ),
"times": PoolRealArray( 0, 0.3 )
}

[sub_resource type="Animation" id=2]
length = 0.3
tracks/0/type = "bezier"
tracks/0/path = NodePath(".:modulate:r")
tracks/0/interp = 1
tracks/0/loop_wrap = true
tracks/0/imported = false
tracks/0/enabled = true
tracks/0/keys = {
"points": PoolRealArray( 1, -0.25, 0, 0.25, 0, 1, -0.25, 0, 0.25, 0 ),
"times": PoolRealArray( 0, 0.3 )
}
tracks/1/type = "bezier"
tracks/1/path = NodePath(".:modulate:g")
tracks/1/interp = 1
tracks/1/loop_wrap = true
tracks/1/imported = false
tracks/1/enabled = true
tracks/1/keys = {
"points": PoolRealArray( 1, -0.25, 0, 0.25, 0, 1, -0.25, 0, 0.25, 0 ),
"times": PoolRealArray( 0, 0.3 )
}
tracks/2/type = "bezier"
tracks/2/path = NodePath(".:modulate:b")
tracks/2/interp = 1
tracks/2/loop_wrap = true
tracks/2/imported = false
tracks/2/enabled = true
tracks/2/keys = {
"points": PoolRealArray( 1, -0.25, 0, 0.25, 0, 1, -0.25, 0, 0.25, 0 ),
"times": PoolRealArray( 0, 0.3 )
}
tracks/3/type = "bezier"
tracks/3/path = NodePath(".:modulate:a")
tracks/3/interp = 1
tracks/3/loop_wrap = true
tracks/3/imported = false
tracks/3/enabled = true
tracks/3/keys = {
"points": PoolRealArray( 1, -0.25, 0, 0.25, 0, 0, -0.25, 0, 0.25, 0 ),
"times": PoolRealArray( 0, 0.3 )
}

[node name="Sound Menu" type="Control"]
anchor_right = 1.0
anchor_bottom = 1.0
margin_left = 425.0
margin_top = 130.0
margin_right = 425.0
margin_bottom = 130.0
theme = ExtResource( 2 )
script = ExtResource( 8 )
__meta__ = {
"_edit_use_anchors_": false
}

[node name="Panel" type="Panel" parent="."]
margin_left = -389.0
margin_top = -83.0
margin_right = 1111.0
margin_bottom = 917.0
script = ExtResource( 7 )
__meta__ = {
"_edit_use_anchors_": false
}

[node name="Label" type="Label" parent="Panel"]
margin_left = 548.0
margin_top = -25.0
margin_right = 988.0
margin_bottom = 150.0
theme = ExtResource( 3 )
text = "Sound"
align = 1
__meta__ = {
"_edit_use_anchors_": false
}

[node name="ScrollContainer" type="ScrollContainer" parent="Panel"]
margin_left = 115.0
margin_top = 156.359
margin_right = 1365.0
margin_bottom = 681.359
follow_focus = true
__meta__ = {
"_edit_use_anchors_": false
}

[node name="VBoxContainer" type="VBoxContainer" parent="Panel/ScrollContainer"]
margin_left = 5.0
margin_top = 5.0
margin_right = 1180.0
margin_bottom = 842.0

[node name="ScreenLabel" type="GridContainer" parent="Panel/ScrollContainer/VBoxContainer"]
margin_right = 1175.0
margin_bottom = 96.0
columns = 2

[node name="TextureRect" type="TextureRect" parent="Panel/ScrollContainer/VBoxContainer/ScreenLabel"]
margin_right = 96.0
margin_bottom = 96.0
texture = ExtResource( 10 )
__meta__ = {
"_edit_use_anchors_": false
}

[node name="Label" type="Label" parent="Panel/ScrollContainer/VBoxContainer/ScreenLabel"]
margin_left = 100.0
margin_right = 1100.0
margin_bottom = 96.0
rect_min_size = Vector2( 1000, 0 )
theme = ExtResource( 1 )
text = "Volume Settings"
align = 1

[node name="Volume" type="GridContainer" parent="Panel/ScrollContainer/VBoxContainer"]
margin_top = 100.0
margin_right = 1175.0
margin_bottom = 616.0
columns = 2

[node name="MasterLabel" type="Label" parent="Panel/ScrollContainer/VBoxContainer/Volume"]
margin_right = 721.0
margin_bottom = 126.0
theme = ExtResource( 4 )
text = "Master Volume "

[node name="MasterHSlider" type="HSlider" parent="Panel/ScrollContainer/VBoxContainer/Volume"]
margin_left = 725.0
margin_right = 1175.0
margin_bottom = 126.0
rect_min_size = Vector2( 450, 0 )
hint_tooltip = "Adjust Master Volume."
size_flags_horizontal = 3
size_flags_vertical = 3
max_value = 10.0
scrollable = false
__meta__ = {
"_edit_use_anchors_": false
}

[node name="MusicLabel" type="Label" parent="Panel/ScrollContainer/VBoxContainer/Volume"]
margin_top = 130.0
margin_right = 721.0
margin_bottom = 256.0
theme = ExtResource( 4 )
text = "Music Volume "

[node name="MusicHSlider" type="HSlider" parent="Panel/ScrollContainer/VBoxContainer/Volume"]
margin_left = 725.0
margin_top = 130.0
margin_right = 1175.0
margin_bottom = 256.0
rect_min_size = Vector2( 450, 0 )
hint_tooltip = "Adjust Music Volume."
size_flags_horizontal = 3
size_flags_vertical = 3
max_value = 10.0
scrollable = false
__meta__ = {
"_edit_use_anchors_": false
}

[node name="SFXLabel" type="Label" parent="Panel/ScrollContainer/VBoxContainer/Volume"]
margin_top = 260.0
margin_right = 721.0
margin_bottom = 386.0
theme = ExtResource( 4 )
text = "SFX Volume  "

[node name="SFXHSlider" type="HSlider" parent="Panel/ScrollContainer/VBoxContainer/Volume"]
margin_left = 725.0
margin_top = 260.0
margin_right = 1175.0
margin_bottom = 386.0
rect_min_size = Vector2( 450, 0 )
hint_tooltip = "Adjust Sound Effect Volume."
size_flags_horizontal = 3
size_flags_vertical = 3
max_value = 10.0
scrollable = false
__meta__ = {
"_edit_use_anchors_": false
}

[node name="AmbienceLabel" type="Label" parent="Panel/ScrollContainer/VBoxContainer/Volume"]
margin_top = 390.0
margin_right = 721.0
margin_bottom = 516.0
theme = ExtResource( 4 )
text = "Ambience Volume "

[node name="AmbienceHSlider" type="HSlider" parent="Panel/ScrollContainer/VBoxContainer/Volume"]
margin_left = 725.0
margin_top = 390.0
margin_right = 1175.0
margin_bottom = 516.0
rect_min_size = Vector2( 450, 0 )
hint_tooltip = "Adjust Sound Effect Volume."
size_flags_horizontal = 3
size_flags_vertical = 3
max_value = 10.0
scrollable = false
__meta__ = {
"_edit_use_anchors_": false
}

[node name="Button" type="Button" parent="Panel/ScrollContainer/VBoxContainer"]
margin_top = 620.0
margin_right = 1175.0
margin_bottom = 837.498
text = "Sound Test"
__meta__ = {
"_edit_use_anchors_": false
}

[node name="OKButton" type="Button" parent="Panel"]
margin_left = 283.693
margin_top = 715.054
margin_right = 585.958
margin_bottom = 879.552
text = "OK!"
__meta__ = {
"_edit_use_anchors_": false
}

[node name="CancelButton" type="Button" parent="Panel"]
margin_left = 789.913
margin_top = 715.054
margin_right = 1212.18
margin_bottom = 879.552
text = "Cancel"
__meta__ = {
"_edit_use_anchors_": false
}

[node name="TextureRect" type="TextureRect" parent="Panel"]
margin_left = 456.099
margin_top = 8.6426
margin_right = 552.099
margin_bottom = 104.643
texture = ExtResource( 10 )
__meta__ = {
"_edit_use_anchors_": false
}

[node name="Control" parent="Panel" instance=ExtResource( 11 )]
margin_left = 1090.91
margin_top = 7.0
margin_right = -409.086
margin_bottom = -963.0
script = ExtResource( 12 )

[node name="AnimationPlayer" type="AnimationPlayer" parent="."]
anims/Load = SubResource( 1 )
anims/Unload = SubResource( 2 )

[node name="Confirm" type="AudioStreamPlayer" parent="."]
stream = ExtResource( 6 )
bus = "SoundEffect"

[node name="Cancel" type="AudioStreamPlayer" parent="."]
stream = ExtResource( 5 )
bus = "SoundEffect"

[node name="Open" type="AudioStreamPlayer" parent="."]
stream = ExtResource( 9 )
bus = "SoundEffect"

[connection signal="value_changed" from="Panel/ScrollContainer/VBoxContainer/Volume/MasterHSlider" to="Panel" method="_on_MasterHSlider_value_changed"]
[connection signal="value_changed" from="Panel/ScrollContainer/VBoxContainer/Volume/MusicHSlider" to="Panel" method="_on_MusicHSlider_value_changed"]
[connection signal="value_changed" from="Panel/ScrollContainer/VBoxContainer/Volume/SFXHSlider" to="Panel" method="_on_SFXHSlider_value_changed"]
[connection signal="value_changed" from="Panel/ScrollContainer/VBoxContainer/Volume/AmbienceHSlider" to="Panel" method="_on_AmbienceHSlider_value_changed"]
[connection signal="pressed" from="Panel/ScrollContainer/VBoxContainer/Button" to="Panel" method="_on_Button_pressed"]
[connection signal="pressed" from="Panel/OKButton" to="Panel" method="_on_OKButton_pressed"]
[connection signal="pressed" from="Panel/CancelButton" to="Panel" method="_on_CancelButton_pressed"]
[connection signal="animation_finished" from="AnimationPlayer" to="Panel" method="_on_AnimationPlayer_animation_finished"]
